@book{dale00,
    author = {Dale, R., Moisl, H., & Somers, H},
    title = {Handbook of Natural Language Processing},
    publisher = {CRC Press},
    year = {2000}
}
@article{weizenbaum66,
  title={ELIZA—a computer program for the study of natural language communication between man and machine},
  author={Weizenbaum, Joseph},
  journal={Communications of the ACM},
  volume={9},
  number={1},
  pages={36--45},
  year={1966},
  publisher={ACM New York, NY, USA}
}
@book{Jurafsky08,
    author = {Jurafsky D., Martin J.},
    title = {Speech and Language Processing: An Introduction to Natural Language Processing, Computational Linguistics and Speech Recognition,
    publisher = Prentice Hall},
    year = {2008}
}
@book{Yao23,
    author = {Yao L., Kabir R.},
    title = {Person-Centered Therapy (Rogerian Therapy)},
    publisher = {StatPearls},
    year = {2023}
}
@book{Manning99,
    author = {Manning C., Schütze H.},
    title = {Foundations of Statistical Natural Language Processing,
    publisher = The MIT Press},
    year = {1999} 
}
@article{brown92,
  title={Class-based n-gram models of natural language},
  author={Brown, Peter F and Della Pietra, Vincent J and Desouza, Peter V and Lai, Jennifer C and Mercer, Robert L},
  journal={Computational linguistics},
  volume={18},
  number={4},
  pages={467--480},
  year={1992}
}

@article{shannon48,
  title={A mathematical theory of communication},
  author={Shannon, Claude Elwood},
  journal={The Bell system technical journal},
  volume={27},
  number={3},
  pages={379--423},
  year={1948},
  publisher={Nokia Bell Labs}
}
@article{bengio03,
author = {Bengio, Yoshua and Ducharme, R\'{e}jean and Vincent, Pascal and Janvin, Christian},
title = {A neural probabilistic language model},
year = {2003},
issue_date = {3/1/2003},
publisher = {JMLR.org},
volume = {3},
number = {null},
issn = {1532-4435},
journal = {J. Mach. Learn. Res.},
month = {mar},
pages = {1137–1155},
numpages = {19}
}
@misc{mikolov13,
      title={Efficient Estimation of Word Representations in Vector Space}, 
      author={Tomas Mikolov and Kai Chen and Greg Corrado and Jeffrey Dean},
      year={2013},
      eprint={1301.3781},
      archivePrefix={arXiv},
      primaryClass={cs.CL}
}
@misc{li16,
      title={Visualizing and Understanding Neural Models in NLP}, 
      author={Jiwei Li and Xinlei Chen and Eduard Hovy and Dan Jurafsky},
      year={2016},
      eprint={1506.01066},
      archivePrefix={arXiv},
      primaryClass={cs.CL}
}
@inproceedings{mikolov13_2,
  title={Linguistic regularities in continuous space word representations},
  author={Mikolov, Tom{\'a}{\v{s}} and Yih, Wen-tau and Zweig, Geoffrey},
  booktitle={Proceedings of the 2013 conference of the north american chapter of the association for computational linguistics: Human language technologies},
  pages={746--751},
  year={2013}
}
@misc{vaswani17,
      title={Attention Is All You Need}, 
      author={Ashish Vaswani and Noam Shazeer and Niki Parmar and Jakob Uszkoreit and Llion Jones and Aidan N. Gomez and Lukasz Kaiser and Illia Polosukhin},
      year={2023},
      eprint={1706.03762},
      archivePrefix={arXiv},
      primaryClass={cs.CL}
}
@misc{vondermosel22,
      title={On the validity of pre-trained transformers for natural language processing in the software engineering domain}, 
      author={Julian von der Mosel and Alexander Trautsch and Steffen Herbold},
      year={2022},
      eprint={2109.04738},
      archivePrefix={arXiv},
      primaryClass={cs.SE}
}
@misc{devlin19,
      title={BERT: Pre-training of Deep Bidirectional Transformers for Language Understanding}, 
      author={Jacob Devlin and Ming-Wei Chang and Kenton Lee and Kristina Toutanova},
      year={2019},
      eprint={1810.04805},
      archivePrefix={arXiv},
      primaryClass={cs.CL}
}
@misc{brown20,
      title={Language Models are Few-Shot Learners}, 
      author={Tom B. Brown and Benjamin Mann and Nick Ryder and Melanie Subbiah and Jared Kaplan and Prafulla Dhariwal and Arvind Neelakantan and Pranav Shyam and Girish Sastry and Amanda Askell and Sandhini Agarwal and Ariel Herbert-Voss and Gretchen Krueger and Tom Henighan and Rewon Child and Aditya Ramesh and Daniel M. Ziegler and Jeffrey Wu and Clemens Winter and Christopher Hesse and Mark Chen and Eric Sigler and Mateusz Litwin and Scott Gray and Benjamin Chess and Jack Clark and Christopher Berner and Sam McCandlish and Alec Radford and Ilya Sutskever and Dario Amodei},
      year={2020},
      eprint={2005.14165},
      archivePrefix={arXiv},
      primaryClass={cs.CL}
}
@book{manning08IR,
  title = {Introduction to Information Retrieval},
  author = {Manning, Christopher D. and Raghavan, Prabhakar and Schütze, Hinrich},
  address = {Cambridge, UK},
  biburl = {https://www.bibsonomy.org/bibtex/29f4ab13e07b48b9723113aa74224be65/folke},
  interhash = {2e574e46b7668a7268e7f02b46f4d9bb},
  intrahash = {9f4ab13e07b48b9723113aa74224be65},
  isbn = {978-0-521-86571-5},
  publisher = {Cambridge University Press},
  url = {http://nlp.stanford.edu/IR-book/information-retrieval-book.html},
  year = 2008
}
@book{goker2009information,
  title={Information retrieval: Searching in the 21st century},
  author={Goker, Ayse and Davies, John},
  year={2009},
  publisher={John Wiley \& Sons}
}
@article{robertson1977probability,
  title={The probability ranking principle in IR},
  author={Robertson, Stephen E},
  journal={Journal of documentation},
  volume={33},
  number={4},
  pages={294--304},
  year={1977},
  publisher={MCB UP Ltd}
}
@inproceedings{huang2008similarity,
  title={Similarity measures for text document clustering},
  author={Huang, Anna and others},
  booktitle={Proceedings of the sixth new zealand computer science research student conference (NZCSRSC2008), Christchurch, New Zealand},
  volume={4},
  pages={9--56},
  year={2008}
}
@inproceedings{rahutomo2012semantic,
  title={Semantic cosine similarity},
  author={Rahutomo, Faisal and Kitasuka, Teruaki and Aritsugi, Masayoshi and others},
  booktitle={The 7th international student conference on advanced science and technology ICAST},
  volume={4},
  number={1},
  pages={1},
  year={2012},
  organization={University of Seoul South Korea}
}
@misc{han2023comprehensive,
      title={A Comprehensive Survey on Vector Database: Storage and Retrieval Technique, Challenge}, 
      author={Yikun Han and Chunjiang Liu and Pengfei Wang},
      year={2023},
      eprint={2310.11703},
      archivePrefix={arXiv},
      primaryClass={cs.DB}
}
@misc{malkov2018efficient,
      title={Efficient and robust approximate nearest neighbor search using Hierarchical Navigable Small World graphs}, 
      author={Yu. A. Malkov and D. A. Yashunin},
      year={2018},
      eprint={1603.09320},
      archivePrefix={arXiv},
      primaryClass={cs.DS}
}
@article{davis1952automatic,
  title={Automatic recognition of spoken digits},
  author={Davis, Ken H and Biddulph, R and Balashek, Stephen},
  journal={The Journal of the Acoustical Society of America},
  volume={24},
  number={6},
  pages={637--642},
  year={1952},
  publisher={Acoustical Society of America}
}
@article{Juang05,
author = {Juang, B. and Rabiner, Lawrence},
year = {2005},
month = {01},
pages = {},
title = {Automatic Speech Recognition - A Brief History of the Technology Development}
}
@inproceedings{huang1993overview,
  title={An overview of the SPHINX-II speech recognition system},
  author={Huang, Xuedong and Alleva, Fil and Hwang, Mei-Yuh and Rosenfeld, Ronald},
  booktitle={Human Language Technology: Proceedings of a Workshop Held at Plainsboro, New Jersey, March 21-24, 1993},
  year={1993}
}

@article{huang2014historical,
  title={A historical perspective of speech recognition},
  author={Huang, Xuedong and Baker, James and Reddy, Raj},
  journal={Communications of the ACM},
  volume={57},
  number={1},
  pages={94--103},
  year={2014},
  publisher={ACM New York, NY, USA}
}
@inproceedings{radford2023robust,
  title={Robust speech recognition via large-scale weak supervision},
  author={Radford, Alec and Kim, Jong Wook and Xu, Tao and Brockman, Greg and McLeavey, Christine and Sutskever, Ilya},
  booktitle={International Conference on Machine Learning},
  pages={28492--28518},
  year={2023},
  organization={PMLR}
}
@article{sahidullah2019speed,
  title={The speed submission to DIHARD II: Contributions \& lessons learned},
  author={Sahidullah, Md and Patino, Jose and Cornell, Samuele and Yin, Ruiqing and Sivasankaran, Sunit and Bredin, Herv{\'e} and Korshunov, Pavel and Brutti, Alessio and Serizel, Romain and Vincent, Emmanuel and others},
  journal={arXiv preprint arXiv:1911.02388},
  year={2019}
}
@article{kotti2008speaker,
  title={Speaker segmentation and clustering},
  author={Kotti, Margarita and Moschou, Vassiliki and Kotropoulos, Constantine},
  journal={Signal processing},
  volume={88},
  number={5},
  pages={1091--1124},
  year={2008},
  publisher={Elsevier}
}
@INPROCEEDINGS{gook04,
  author={Hyoung-Gook Kim and Sikora, T.},
  booktitle={2004 IEEE International Conference on Acoustics, Speech, and Signal Processing}, 
  title={Comparison of MPEG-7 audio spectrum projection features and MFCC applied to speaker recognition, sound classification and audio segmentation}, 
  year={2004},
  volume={5},
  number={},
  pages={V-925},
  doi={10.1109/ICASSP.2004.1327263}
}
@inproceedings{lu2002speaker,
  title={Speaker change detection and tracking in real-time news broadcasting analysis},
  author={Lu, Lie and Zhang, Hong-Jiang},
  booktitle={Proceedings of the tenth ACM international conference on Multimedia},
  pages={602--610},
  year={2002}
}
@article{ryant2020third,
  title={The third DIHARD diarization challenge},
  author={Ryant, Neville and Singh, Prachi and Krishnamohan, Venkat and Varma, Rajat and Church, Kenneth and Cieri, Christopher and Du, Jun and Ganapathy, Sriram and Liberman, Mark},
  journal={arXiv preprint arXiv:2012.01477},
  year={2020}
}
@inproceedings{bredin2020pyannote,
  title={Pyannote. audio: neural building blocks for speaker diarization},
  author={Bredin, Herv{\'e} and Yin, Ruiqing and Coria, Juan Manuel and Gelly, Gregory and Korshunov, Pavel and Lavechin, Marvin and Fustes, Diego and Titeux, Hadrien and Bouaziz, Wassim and Gill, Marie-Philippe},
  booktitle={ICASSP 2020-2020 IEEE International Conference on Acoustics, Speech and Signal Processing (ICASSP)},
  pages={7124--7128},
  year={2020},
  organization={IEEE}
}
@inproceedings{bredin2023pyannote,
  title={pyannote. audio 2.1 speaker diarization pipeline: principle, benchmark, and recipe},
  author={Bredin, Herv{\'e}},
  booktitle={24th INTERSPEECH Conference (INTERSPEECH 2023)},
  pages={1983--1987},
  year={2023},
  organization={ISCA}
}
@article{ryant2018first,
  title={First DIHARD challenge evaluation plan},
  author={Ryant, Neville and Church, Kenneth and Cieri, Christopher and Cristia, Alejandrina and Du, Jun and Ganapathy, Sriram and Liberman, Mark},
  journal={tech. Rep.},
  year={2018},
  publisher={Linguistic Data Consortium}
}
@inproceedings{NEURIPS2020_6b493230,
 author = {Lewis, Patrick and Perez, Ethan and Piktus, Aleksandra and Petroni, Fabio and Karpukhin, Vladimir and Goyal, Naman and K\"{u}ttler, Heinrich and Lewis, Mike and Yih, Wen-tau and Rockt\"{a}schel, Tim and Riedel, Sebastian and Kiela, Douwe},
 booktitle = {Advances in Neural Information Processing Systems},
 editor = {H. Larochelle and M. Ranzato and R. Hadsell and M.F. Balcan and H. Lin},
 pages = {9459--9474},
 publisher = {Curran Associates, Inc.},
 title = {Retrieval-Augmented Generation for Knowledge-Intensive NLP Tasks},
 url = {https://proceedings.neurips.cc/paper_files/paper/2020/file/6b493230205f780e1bc26945df7481e5-Paper.pdf},
 volume = {33},
 year = {2020}
}
@inproceedings{Adcock10,
author = {Adcock, John and Cooper, Matthew and Denoue, Laurent and Pirsiavash, Hamed and Rowe, Lawrence},
year = {2010},
month = {10},
pages = {241-250},
title = {TalkMiner: A lecture webcast search engine},
journal = {MM'10 - Proceedings of the ACM Multimedia 2010 International Conference},
doi = {10.1145/1873951.1873986}
}
@article{yang14,
author = {Yang, Haojin and Meinel, Christoph},
year = {2014},
month = {06},
pages = {142-154},
title = {Content Based Lecture Video Retrieval Using Speech and Video Text Information},
volume = {7},
journal = {Learning Technologies, IEEE Transactions on},
doi = {10.1109/TLT.2014.2307305}
}
